<record><leader>00000cas a22000007a 4500</leader><controlfield tag="001">11801218</controlfield><controlfield tag="008">850313d18251829njuwr ne      0    0eng d</controlfield><datafield ind1=" " ind2=" " tag="010"><subfield code="a">sn 85025576 </subfield></datafield><datafield ind1=" " ind2=" " tag="040"><subfield code="a">NPX</subfield><subfield code="b">eng</subfield><subfield code="c">NPX</subfield><subfield code="d">NPA</subfield><subfield code="d">NJW</subfield><subfield code="d">CNW</subfield><subfield code="d">OCL</subfield><subfield code="d">OCLCQ</subfield><subfield code="d">OCLCF</subfield><subfield code="d">OCLCO</subfield></datafield><datafield ind1=" " ind2=" " tag="042"><subfield code="a">msc</subfield></datafield><datafield ind1=" " ind2=" " tag="043"><subfield code="a">n-us-nj</subfield></datafield><datafield ind1="0" ind2=" " tag="130"><subfield code="a">Belvidere Apollo (Belvidere, N.J. : 1825)</subfield></datafield><datafield ind1="1" ind2="4" tag="245"><subfield code="a">The Belvidere Apollo.</subfield></datafield><datafield ind1=" " ind2=" " tag="260"><subfield code="a">Belvidere, N.J. :</subfield><subfield code="b">George C. Sickels</subfield></datafield><datafield ind1=" " ind2=" " tag="300"><subfield code="a">v. :</subfield><subfield code="b">ill. (chiefly advertisements)</subfield></datafield><datafield ind1=" " ind2=" " tag="310"><subfield code="a">Weekly</subfield></datafield><datafield ind1="1" ind2=" " tag="362"><subfield code="a">Began with Jan. 11, 1825 issue; ceased in 1829.</subfield><subfield code="z">Cf. Gregory, W. Amer. newspapers.</subfield></datafield><datafield ind1=" " ind2=" " tag="500"><subfield code="a">Published by Edmund P. Banks, &lt;1826&gt;-1829.</subfield></datafield><datafield ind1=" " ind2=" " tag="500"><subfield code="a">Editor: Edmund P. Banks, &lt;1826&gt;-1829.</subfield></datafield><datafield ind1=" " ind2=" " tag="530"><subfield code="a">Also issued on microfilm by Norton Micro Images.</subfield></datafield><datafield ind1=" " ind2=" " tag="588"><subfield code="a">Description based on: Vol. 1, no. 8 (Mar. 1, 1825).</subfield></datafield><datafield ind1=" " ind2="0" tag="651"><subfield code="a">Belvidere (N.J.)</subfield><subfield code="v">Newspapers.</subfield></datafield><datafield ind1=" " ind2="7" tag="655"><subfield code="a">Newspapers.</subfield><subfield code="2">fast</subfield><subfield code="0">(OCoLC)fst01423814</subfield></datafield><datafield ind1=" " ind2="7" tag="651"><subfield code="a">New Jersey</subfield><subfield code="z">Belvidere.</subfield><subfield code="2">fast</subfield><subfield code="0">(OCoLC)fst01222248</subfield></datafield><datafield ind1=" " ind2=" " tag="752"><subfield code="a">United States</subfield><subfield code="b">New Jersey</subfield><subfield code="c">Warren</subfield><subfield code="d">Belvidere.</subfield></datafield><datafield ind1="0" ind2="0" tag="785"><subfield code="t">Belvidere Apollo &amp; Warren patriot</subfield><subfield code="w">(DLC)sn 85035534</subfield><subfield code="w">(OCoLC)11864607</subfield></datafield></record>